@misc{mardia1980multivariate,
  title={Multivariate analysis (probability and mathematical statistics)},
  author={Mardia, Kantilal V and Kent, John T and Bibby, John M},
  year={1980},
  publisher={Academic Press London}
}
@article{james2000principal,
  title={Principal component models for sparse functional data},
  author={James, Gareth M and Hastie, Trevor J and Sugar, Catherine A},
  journal={Biometrika},
  pages={587--602},
  year={2000},
  publisher={JSTOR}
}
@article{joreskog1967some,
  title={Some contributions to maximum likelihood factor analysis},
  author={J{\"o}reskog, Karl G},
  journal={Psychometrika},
  volume={32},
  number={4},
  pages={443--482},
  year={1967},
  publisher={Springer}
}
@article{joreskog1967general,
  title={A general approach to confirmatory maximum likelihood factor analysis},
  author={J{\"o}reskog, Karl G},
  journal={ETS Research Report Series},
  volume={1967},
  number={2},
  pages={183--202},
  year={1967},
  publisher={Wiley Online Library}
}

@article{laird1982random,
  title={Random-effects models for longitudinal data},
  author={Laird, Nan M and Ware, James H},
  journal={Biometrics},
  pages={963--974},
  year={1982},
  publisher={JSTOR}
}
@article{rice1991estimating,
  title={Estimating the mean and covariance structure nonparametrically when the data are curves},
  author={Rice, John A and Silverman, Bernard W},
  journal={Journal of the Royal Statistical Society. Series B (Methodological)},
  pages={233--243},
  year={1991},
  publisher={JSTOR}
}
@book{lawley1971factor,
  title={Factor analysis as a statistical method},
  author={Lawley, Derrick Norman and Maxwell, Albert Ernest},
  volume={18},
  year={1971},
  publisher={JSTOR}
}
@article{thurstone1947multiple,
  title={Multiple factor analysis.},
  author={Thurstone, Louis Leon},
  year={1947},
  publisher={Chicago}
}
@article{rubin1982algorithms,
  title={EM algorithms for ML factor analysis},
  author={Rubin, Donald B and Thayer, Dorothy T},
  journal={Psychometrika},
  volume={47},
  number={1},
  pages={69--76},
  year={1982},
  publisher={Springer}
}
@misc{krzanowski1995multivariate,
  title={Multivariate Analysis vol. 2: Classification, Covariance Structures, and Repeated Measurements},
  author={Krzanowski, WJ and Marriott, FHC},
  year={1995},
  publisher={London: Arnold}
}
@article{tipping1999probabilistic,
  title={Probabilistic principal component analysis},
  author={Tipping, Michael E and Bishop, Christopher M},
  journal={Journal of the Royal Statistical Society: Series B (Statistical Methodology)},
  volume={61},
  number={3},
  pages={611--622},
  year={1999},
  publisher={Wiley Online Library}
}
@article{cai2010singular,
  title={A singular value thresholding algorithm for matrix completion},
  author={Cai, Jian-Feng and Cand{\`e}s, Emmanuel J and Shen, Zuowei},
  journal={SIAM Journal on Optimization},
  volume={20},
  number={4},
  pages={1956--1982},
  year={2010},
  publisher={SIAM}
}
@inproceedings{paterek2007improving,
  title={Improving regularized singular value decomposition for collaborative filtering},
  author={Paterek, Arkadiusz},
  booktitle={Proceedings of KDD cup and workshop},
  volume={2007},
  pages={5--8},
  year={2007}
}
@article{mazumder2010spectral,
  title={Spectral regularization algorithms for learning large incomplete matrices},
  author={Mazumder, Rahul and Hastie, Trevor and Tibshirani, Robert},
  journal={Journal of machine learning research},
  volume={11},
  number={Aug},
  pages={2287--2322},
  year={2010}
}
@article{ganti2015sparse,
  title={Sparse Linear Regression With Missing Data},
  author={Ganti, Ravi and Willett, Rebecca M},
  journal={arXiv preprint arXiv:1503.08348},
  year={2015}
}
@inproceedings{srebro2005generalization,
  title={Generalization error bounds for collaborative prediction with low-rank matrices},
  author={Srebro, Nathan and Alon, Noga and Jaakkola, Tommi S},
  booktitle={Advances In Neural Information Processing Systems},
  pages={1321--1328},
  year={2005}
}
@phdthesis{fazel2002matrix,
  title={Matrix rank minimization with applications},
  author={Fazel, Maryam},
  year={2002},
  school={PhD thesis, Stanford University}
}

@article{candes2009exact,
  title={Exact matrix completion via convex optimization},
  author={Cand{\`e}s, Emmanuel J and Recht, Benjamin},
  journal={Foundations of Computational mathematics},
  volume={9},
  number={6},
  pages={717},
  year={2009},
  publisher={Springer}
}

@inproceedings{rennie2005fast,
  title={Fast maximum margin matrix factorization for collaborative prediction},
  author={Rennie, Jasson DM and Srebro, Nathan},
  booktitle={Proceedings of the 22nd international conference on Machine learning},
  pages={713--719},
  year={2005},
  organization={ACM}
}

@book{boyd2004convex,
  title={Convex optimization},
  author={Boyd, Stephen and Vandenberghe, Lieven},
  year={2004},
  publisher={Cambridge university press}
}

@misc{grant2008cvx,
  title={CVX: Matlab software for disciplined convex programming},
  author={Grant, Michael and Boyd, Stephen and Ye, Yinyu},
  year={2008}
}

@article{cai2010singular,
  title={A singular value thresholding algorithm for matrix completion},
  author={Cai, Jian-Feng and Cand{\`e}s, Emmanuel J and Shen, Zuowei},
  journal={SIAM Journal on Optimization},
  volume={20},
  number={4},
  pages={1956--1982},
  year={2010},
  publisher={SIAM}
}

@article{schwartz2008gait,
  title={The Gait Deviation Index: a new comprehensive index of gait pathology},
  author={Schwartz, Michael H and Rozumalski, Adam},
  journal={Gait \& posture},
  volume={28},
  number={3},
  pages={351--357},
  year={2008},
  publisher={Elsevier}
}

@article{peng2009geometric,
  title={A geometric approach to maximum likelihood estimation of the functional principal components from sparse longitudinal data},
  author={Peng, Jie and Paul, Debashis},
  journal={Journal of Computational and Graphical Statistics},
  volume={18},
  number={4},
  pages={995--1015},
  year={2009},
  publisher={Taylor \& Francis}
}
@book{ramsay2006functional,
  title={Functional data analysis},
  author={Ramsay, James O},
  year={2006},
  publisher={Wiley Online Library}
}
@article{ramsay1991some,
  title={Some tools for functional data analysis},
  author={Ramsay, James O and Dalzell, CJ},
  journal={Journal of the Royal Statistical Society. Series B (Methodological)},
  pages={539--572},
  year={1991},
  publisher={JSTOR}
}

@article{yao2005linear,
  title={Functional linear regression analysis for longitudinal data},
  author={Yao, Fang and M{\"u}ller, Hans-Georg and Wang, Jane-Ling and others},
  journal={The Annals of Statistics},
  volume={33},
  number={6},
  pages={2873--2903},
  year={2005},
  publisher={Institute of Mathematical Statistics}
}
@article{yao2005sparse,
  title={Functional data analysis for sparse longitudinal data},
  author={Yao, Fang and M{\"u}ller, Hans-Georg and Wang, Jane-Ling},
  journal={Journal of the American Statistical Association},
  volume={100},
  number={470},
  pages={577--590},
  year={2005},
  publisher={Taylor \& Francis}
}
@book{kim1978factor,
  title={Factor analysis: Statistical methods and practical issues},
  author={Kim, Jae-On and Mueller, Charles W},
  volume={14},
  year={1978},
  publisher={Sage}
}
@book{mcculloch2001generalized,
  title={Generalized linear mixed models},
  author={McCulloch, Charles E and Neuhaus, John M},
  year={2001},
  publisher={Wiley Online Library}
}
@article{hall2008modelling,
  title={Modelling sparse generalized longitudinal observations with latent Gaussian processes},
  author={Hall, Peter and M{\"u}ller, Hans-Georg and Yao, Fang},
  journal={Journal of the Royal Statistical Society: Series B (Statistical Methodology)},
  volume={70},
  number={4},
  pages={703--723},
  year={2008},
  publisher={Wiley Online Library}
}
@article{cnaan1997tutorial,
  title={Tutorial in biostatistics: using the general linear mixed model to analyse unbalanced repeated measures and longitudinal data},
  author={Cnaan, Avital and Laird, NM and Slasor, Peter},
  journal={Stat Med},
  volume={16},
  number={2349},
  pages={80},
  year={1997}
}
@article{laird1988missing,
  title={Missing data in longitudinal studies},
  author={Laird, Nan M},
  journal={Statistics in medicine},
  volume={7},
  number={1-2},
  pages={305--315},
  year={1988},
  publisher={Wiley Online Library}
}
@incollection{kosambi2016statistics,
  title={Statistics in function space},
  author={Kosambi, DD},
  booktitle={DD Kosambi},
  pages={115--123},
  year={2016},
  publisher={Springer}
}
@article{hastie2015matrix,
  title={Matrix completion and low-rank SVD via fast alternating least squares.},
  author={Hastie, Trevor and Mazumder, Rahul and Lee, Jason D and Zadeh, Reza},
  journal={Journal of Machine Learning Research},
  volume={16},
  pages={3367--3402},
  year={2015}
}
@book{bertsekas1999nonlinear,
  title={Nonlinear programming},
  author={Bertsekas, Dimitri P},
  year={1999},
  publisher={Athena scientific Belmont}
}
@article{yan2017dynamic,
  title={Dynamic prediction of disease progression for leukemia patients by functional principal component analysis of longitudinal expression levels of an oncogene},
  author={Yan, Fangrong and Lin, Xiao and Huang, Xuelin and others},
  journal={The Annals of Applied Statistics},
  volume={11},
  number={3},
  pages={1649--1670},
  year={2017},
  publisher={Institute of Mathematical Statistics}
}
@article{berkey1983longitudinal,
  title={Longitudinal principal components and non-linear regression models of early childhood growth},
  author={Berkey, CS and Kent, RL},
  journal={Annals of human biology},
  volume=10,
  number=6,
  pages={523--536},
  year=1983,
  publisher={Taylor \& Francis}
}
@article{hall2006properties,
  title={Properties of principal component methods for functional and longitudinal data analysis},
  author={Hall, Peter and M{\"u}ller, Hans-Georg and Wang, Jane-Ling},
  journal={The annals of statistics},
  pages={1493--1517},
  year={2006},
  publisher={JSTOR}
}
@article{besse1986principal,
  title={Principal components analysis of sampled functions},
  author={Besse, Philippe and Ramsay, James O},
  journal={Psychometrika},
  volume={51},
  number={2},
  pages={285--311},
  year={1986},
  publisher={Springer}
}
@article{yao2006penalized,
  title={Penalized spline models for functional principal component analysis},
  author={Yao, Fang and Lee, Thomas},
  journal={Journal of the Royal Statistical Society: Series B (Statistical Methodology)},
  volume={68},
  number={1},
  pages={3--25},
  year={2006},
  publisher={Wiley Online Library}
}
@article{greven2011longitudinal,
  title={Longitudinal functional principal component analysis},
  author={Greven, Sonja and Crainiceanu, Ciprian and Caffo, Brian and Reich, Daniel},
  journal={Recent Advances in Functional Data Analysis and Related Topics},
  pages={149--154},
  year={2011},
  publisher={Springer}
}
@article{nickerson2013quantifying,
  title={Quantifying progression of disease in aging mouse and human RPE},
  author={Nickerson, John and Qi, Xin and Jiang, Tingting and Cheng, Yuwei and Zhang, Jing and Chrenek, Micah and Rashid, Alia and Arora, Shagun and Grossniklaus, Hans and Jiang, Yi},
  journal={Investigative Ophthalmology \& Visual Science},
  volume={54},
  number={15},
  pages={5008--5008},
  year={2013},
  publisher={The Association for Research in Vision and Ophthalmology}
}
@article{rice2001nonparametric,
  title={Nonparametric mixed effects models for unequally sampled noisy curves},
  author={Rice, John A and Wu, Colin O},
  journal={Biometrics},
  volume={57},
  number={1},
  pages={253--259},
  year={2001},
  publisher={Wiley Online Library}
}
@article{bigelow2009bayesian,
  title={Bayesian semiparametric joint models for functional predictors},
  author={Bigelow, Jamie L and Dunson, David B},
  journal={Journal of the American Statistical Association},
  volume={104},
  number={485},
  pages={26--36},
  year={2009},
  publisher={Taylor \& Francis}
}
@article{maclehose2009nonparametric,
  title={Nonparametric Bayes kernel-based priors for functional data analysis},
  author={MacLehose, Richard F and Dunson, David B},
  journal={Statistica Sinica},
  pages={611--629},
  year={2009},
  publisher={JSTOR}
}
@inproceedings{schulam2016disease,
  title={Disease Trajectory Maps},
  author={Schulam, Peter and Arora, Raman},
  booktitle={Advances in Neural Information Processing Systems},
  pages={4709--4717},
  year={2016}
}
@inproceedings{lawrence2004gaussian,
  title={Gaussian process latent variable models for visualisation of high dimensional data},
  author={Lawrence, Neil D},
  booktitle={Advances in neural information processing systems},
  pages={329--336},
  year={2004}
}
@inproceedings{titsias2010bayesian,
  title={Bayesian Gaussian process latent variable model},
  author={Titsias, Michalis K and Lawrence, Neil D},
  booktitle={International Conference on Artificial Intelligence and Statistics},
  pages={844--851},
  year={2010}
}
@incollection{verbeke1997linear,
  title={Linear mixed models for longitudinal data},
  author={Verbeke, Geert},
  booktitle={Linear mixed models in practice},
  pages={63--153},
  year={1997},
  publisher={Springer}
}
@article{zeger1988models,
  title={Models for longitudinal data: a generalized estimating equation approach},
  author={Zeger, Scott L and Liang, Kung-Yee and Albert, Paul S},
  journal={Biometrics},
  pages={1049--1060},
  year={1988},
  publisher={JSTOR}
}
@article{marshall2000linear,
  title={Linear discriminant models for unbalanced longitudinal data},
  author={Marshall, Guillermo and Bar{\'o}n, Anna E},
  journal={Statistics in medicine},
  volume={19},
  number={15},
  pages={1969--1981},
  year={2000},
  publisher={Wiley Online Library}
}
@inproceedings{watanabe1965karhunen,
  title={Karhunen-Loeve expansion and factor analysis},
  author={Watanabe, Satosi},
  booktitle={Transactions of the 4th Prague Conference on Information Theory, Statistical Decision Functions, and Random Processes, Prague, 1965},
  year={1965}
}
@article{hormann2015dynamic,
  title={Dynamic functional principal components},
  author={H{\"o}rmann, Siegfried and Kidzi{\'n}ski, {\L}ukasz and Hallin, Marc},
  journal={Journal of the Royal Statistical Society: Series B (Statistical Methodology)},
  volume={77},
  number={2},
  pages={319--348},
  year={2015},
  publisher={Wiley Online Library}
}
@book{horvath2012inference,
  title={Inference for functional data with applications},
  author={Horv{\'a}th, Lajos and Kokoszka, Piotr},
  volume={200},
  year={2012},
  publisher={Springer Science \& Business Media}
}
@article{laird1982random,
  title={Random-effects models for longitudinal data},
  author={Laird, Nan M and Ware, James H},
  journal={Biometrics},
  pages={963--974},
  year={1982},
  publisher={JSTOR}
}
@article{robinson1991blup,
  title={That BLUP is a good thing: the estimation of random effects},
  author={Robinson, George K},
  journal={Statistical science},
  pages={15--32},
  year={1991},
  publisher={JSTOR}
}
@article{rizopoulos2014combining,
  title={Combining dynamic predictions from joint models for longitudinal and time-to-event data using Bayesian model averaging},
  author={Rizopoulos, Dimitris and Hatfield, Laura A and Carlin, Bradley P and Takkenberg, Johanna JM},
  journal={Journal of the American Statistical Association},
  volume={109},
  number={508},
  pages={1385--1397},
  year={2014},
  publisher={Taylor \& Francis}
}
@article{liu2009joint,
  title={Joint analysis of correlated repeated measures and recurrent events processes in the presence of death, with application to a study on acquired immune deficiency syndrome},
  author={Liu, Lei and Huang, Xuelin},
  journal={Journal of the Royal Statistical Society: Series C (Applied Statistics)},
  volume={58},
  number={1},
  pages={65--81},
  year={2009},
  publisher={Wiley Online Library}
}
@article{song2002semiparametric,
  title={A semiparametric likelihood approach to joint modeling of longitudinal and time-to-event data},
  author={Song, Xiao and Davidian, Marie and Tsiatis, Anastasios A},
  journal={Biometrics},
  volume={58},
  number={4},
  pages={742--753},
  year={2002},
  publisher={Wiley Online Library}
}
@inproceedings{condli1999bayesian,
  title={Bayesian Mixed-E ects Models for Recommender Systems},
  author={Condli, Michelle Keim and Lewis, David D and Madigan, David and Posse, Christian},
  booktitle={ACM SIGIR},
  volume={99},
  year={1999}
}
@inproceedings{bennett2007netflix,
  title={Netflix: the Netflix prize},
  author={Bennett, James and Lanning, Stan},
  booktitle={KDD Cup and Workshop in conjunction with KDD},
  year={2007}
}
@book{ferraty2006nonparametric,
  title={Nonparametric functional data analysis: theory and practice},
  author={Ferraty, Fr{\'e}d{\'e}ric and Vieu, Philippe},
  year={2006},
  publisher={Springer Science \& Business Media}
}
@article{besse1997simultaneous,
  title={Simultaneous non-parametric regressions of unbalanced longitudinal data},
  author={Besse, Philippe C and Cardot, Herv{\'e} and Ferraty, Fr{\'e}d{\'e}ric},
  journal={Computational Statistics \& Data Analysis},
  volume={24},
  number={3},
  pages={255--270},
  year={1997},
  publisher={Elsevier}
}

@inproceedings{henderson1950estimation,
  title={Estimation of genetic parameters},
  author={Henderson, Charles R},
  booktitle={Biometrics},
  volume=6,
  number=2,
  pages={186--187},
  year=1950,
  organization={International biometric soc}
}
@article{candes2009exact,
  title={Exact matrix completion via convex optimization},
  author={Cand{\`e}s, Emmanuel J and Recht, Benjamin},
  journal={Foundations of Computational mathematics},
  volume={9},
  number={6},
  pages={717},
  year={2009},
  publisher={Springer}
}


@article{grant2008graph,
  title={Graph implementations for nonsmooth convex programs},
  author={Grant, Michael and Boyd, Stephen},
  journal={Recent advances in learning and control},
  pages={95--110},
  year={2008},
  publisher={Springer}
}

@book{boyd2004convex,
  title={Convex optimization},
  author={Boyd, Stephen and Vandenberghe, Lieven},
  year={2004},
  publisher={Cambridge university press}
}
@article{tibshirani1996regression,
  title={Regression shrinkage and selection via the lasso},
  author={Tibshirani, Robert},
  journal={Journal of the Royal Statistical Society. Series B (Methodological)},
  pages={267--288},
  year={1996},
  publisher={JSTOR}
}
@book{friedman2001elements,
  title={The elements of statistical learning},
  author={Friedman, Jerome and Hastie, Trevor and Tibshirani, Robert},
  volume={1},
  year={2001},
  publisher={Springer series in statistics New York}
}
@article{candes2009near,
  title={Near-ideal model selection by ℓ1 minimization},
  author={Cand{\`e}s, Emmanuel J and Plan, Yaniv and others},
  journal={The Annals of Statistics},
  volume={37},
  number={5A},
  pages={2145--2177},
  year={2009},
  publisher={Institute of Mathematical Statistics}
}
@article{cai2010singular,
  title={A singular value thresholding algorithm for matrix completion},
  author={Cai, Jian-Feng and Cand{\`e}s, Emmanuel J and Shen, Zuowei},
  journal={SIAM Journal on Optimization},
  volume={20},
  number={4},
  pages={1956--1982},
  year={2010},
  publisher={SIAM}
}
@article{toh1999sdpt3,
  title={SDPT3—a MATLAB software package for semidefinite programming, version 1.3},
  author={Toh, Kim-Chuan and Todd, Michael J and T{\"u}t{\"u}nc{\"u}, Reha H},
  journal={Optimization methods and software},
  volume={11},
  number={1-4},
  pages={545--581},
  year={1999},
  publisher={Taylor \& Francis}
}
@article{sturm1999using,
  title={Using SeDuMi 1.02, a MATLAB toolbox for optimization over symmetric cones},
  author={Sturm, Jos F},
  journal={Optimization methods and software},
  volume={11},
  number={1-4},
  pages={625--653},
  year={1999},
  publisher={Taylor \& Francis}
}
@article{ma2011fixed,
  title={Fixed point and Bregman iterative methods for matrix rank minimization},
  author={Ma, Shiqian and Goldfarb, Donald and Chen, Lifeng},
  journal={Mathematical Programming},
  volume={128},
  number={1},
  pages={321--353},
  year={2011},
  publisher={Springer}
}
@inproceedings{hardt2014fast,
  title={Fast matrix completion without the condition number},
  author={Hardt, Moritz and Wootters, Mary},
  booktitle={Conference on Learning Theory},
  pages={638--678},
  year={2014}
}
@inproceedings{ge2016matrix,
  title={Matrix completion has no spurious local minimum},
  author={Ge, Rong and Lee, Jason D and Ma, Tengyu},
  booktitle={Advances in Neural Information Processing Systems},
  pages={2973--2981},
  year={2016}
}
@article{larsen2004propack,
  title={PROPACK-Software for large and sparse SVD calculations},
  author={Larsen, Rasmus Munk},
  journal={Available online. URL http://sun. stanford. edu/rmunk/PROPACK},
  pages={2008--2009},
  year={2004}
}
@article{chen2015fast,
  title={Fast low-rank estimation by projected gradient descent: General statistical and algorithmic guarantees},
  author={Chen, Yudong and Wainwright, Martin J},
  journal={arXiv preprint arXiv:1509.03025},
  year={2015}
}
@article{sun2016guaranteed,
  title={Guaranteed matrix completion via non-convex factorization},
  author={Sun, Ruoyu and Luo, Zhi-Quan},
  journal={IEEE Transactions on Information Theory},
  volume={62},
  number={11},
  pages={6535--6579},
  year={2016},
  publisher={IEEE}
}
@article{hotelling1936relations,
  title={Relations between two sets of variates},
  author={Hotelling, Harold},
  journal={Biometrika},
  volume={28},
  number={3/4},
  pages={321--377},
  year={1936},
  publisher={JSTOR}
}
@article{wold1975soft,
  title={Soft modelling by latent variables: the non-linear iterative partial least squares (NIPALS) approach},
  author={Wold, Herman},
  journal={Journal of Applied Probability},
  volume={12},
  number={S1},
  pages={117--142},
  year={1975},
  publisher={Cambridge University Press}
}
@book{borga1997unified,
  title={A unified approach to pca, pls, mlr and cca},
  author={Borga, Magnus and Landelius, Tomas and Knutsson, Hans},
  year={1997},
  publisher={Link{\"o}ping University, Department of Electrical Engineering}
}

@article{sammel1996latent,
  title={Latent variable models with fixed effects},
  author={Sammel, Mary Dupuis and Ryan, Louise M},
  journal={Biometrics},
  pages={650--663},
  year={1996},
  publisher={JSTOR}
}
@article{gray1998estimating,
  title={Estimating a treatment effect from multidimensional longitudinal data},
  author={Gray, Sarah M and Brookmeyer, Ron},
  journal={Biometrics},
  pages={976--988},
  year={1998},
  publisher={JSTOR}
}
@article{gray2000multidimensional,
  title={Multidimensional longitudinal data: estimating a treatment effect from continuous, discrete, or time-to-event response variables},
  author={Gray, Sarah M and Brookmeyer, Ron},
  journal={Journal of the American Statistical Association},
  volume={95},
  number={450},
  pages={396--406},
  year={2000},
  publisher={Taylor \& Francis}
}

@book{diggle2002analysis,
  title={Analysis of longitudinal data},
  author={Diggle, Peter and Heagerty, Patrick and Liang, Kung-Yee and Zeger, Scott},
  year=2002,
  publisher={Oxford University Press}
}

@article{descary2016functional,
  title={Functional data analysis by matrix completion},
  author={Descary, Marie-H{\'e}l{\`e}ne and Panaretos, Victor M},
  journal={arXiv preprint arXiv:1609.00834},
  year={2016}
}
