@misc{mardia1980multivariate,
  title={Multivariate analysis (probability and mathematical statistics)},
  author={Mardia, Kantilal V and Kent, John T and Bibby, John M},
  year={1980},
  publisher={Academic Press London}
}
@article{james2000principal,
  title={Principal component models for sparse functional data},
  author={James, Gareth M and Hastie, Trevor J and Sugar, Catherine A},
  journal={Biometrika},
  pages={587--602},
  year={2000},
  publisher={JSTOR}
}
@article{joreskog1967some,
  title={Some contributions to maximum likelihood factor analysis},
  author={J{\"o}reskog, Karl G},
  journal={Psychometrika},
  volume={32},
  number={4},
  pages={443--482},
  year={1967},
  publisher={Springer}
}
@article{joreskog1967general,
  title={A general approach to confirmatory maximum likelihood factor analysis},
  author={J{\"o}reskog, Karl G},
  journal={ETS Research Report Series},
  volume={1967},
  number={2},
  pages={183--202},
  year={1967},
  publisher={Wiley Online Library}
}

@article{laird1982random,
  title={Random-effects models for longitudinal data},
  author={Laird, Nan M and Ware, James H},
  journal={Biometrics},
  pages={963--974},
  year={1982},
  publisher={JSTOR}
}
@article{rice1991estimating,
  title={Estimating the mean and covariance structure nonparametrically when the data are curves},
  author={Rice, John A and Silverman, Bernard W},
  journal={Journal of the Royal Statistical Society. Series B (Methodological)},
  pages={233--243},
  year={1991},
  publisher={JSTOR}
}
@book{lawley1971factor,
  title={Factor analysis as a statistical method},
  author={Lawley, Derrick Norman and Maxwell, Albert Ernest},
  volume={18},
  year={1971},
  publisher={JSTOR}
}
@article{thurstone1947multiple,
  title={Multiple factor analysis.},
  author={Thurstone, Louis Leon},
  year={1947},
  publisher={Chicago}
}
@article{rubin1982algorithms,
  title={EM algorithms for ML factor analysis},
  author={Rubin, Donald B and Thayer, Dorothy T},
  journal={Psychometrika},
  volume={47},
  number={1},
  pages={69--76},
  year={1982},
  publisher={Springer}
}
@misc{krzanowski1995multivariate,
  title={Multivariate Analysis vol. 2: Classification, Covariance Structures, and Repeated Measurements},
  author={Krzanowski, WJ and Marriott, FHC},
  year={1995},
  publisher={London: Arnold}
}
@article{tipping1999probabilistic,
  title={Probabilistic principal component analysis},
  author={Tipping, Michael E and Bishop, Christopher M},
  journal={Journal of the Royal Statistical Society: Series B (Statistical Methodology)},
  volume={61},
  number={3},
  pages={611--622},
  year={1999},
  publisher={Wiley Online Library}
}
@article{cai2010singular,
  title={A singular value thresholding algorithm for matrix completion},
  author={Cai, Jian-Feng and Cand{\`e}s, Emmanuel J and Shen, Zuowei},
  journal={SIAM Journal on Optimization},
  volume={20},
  number={4},
  pages={1956--1982},
  year={2010},
  publisher={SIAM}
}
@inproceedings{paterek2007improving,
  title={Improving regularized singular value decomposition for collaborative filtering},
  author={Paterek, Arkadiusz},
  booktitle={Proceedings of KDD cup and workshop},
  volume={2007},
  pages={5--8},
  year={2007}
}